@article{doc2vec,
  author    = {Quoc V. Le and
               Tomas Mikolov},
  title     = {Distributed Representations of Sentences and Documents},
  journal   = {CoRR},
  volume    = {abs/1405.4053},
  year      = {2014},
  url       = {http://arxiv.org/abs/1405.4053},
  archivePrefix = {arXiv},
  eprint    = {1405.4053},
  timestamp = {Mon, 13 Aug 2018 16:48:49 +0200},
  biburl    = {https://dblp.org/rec/bib/journals/corr/LeM14},
  bibsource = {dblp computer science bibliography, https://dblp.org}
}

@inproceedings{deepwalk,
 author = {Perozzi, Bryan and Al-Rfou, Rami and Skiena, Steven},
 title = {DeepWalk: Online Learning of Social Representations},
 booktitle = {Proceedings of the 20th ACM SIGKDD International Conference on Knowledge Discovery and Data Mining},
 series = {KDD '14},
 year = {2014},
 isbn = {978-1-4503-2956-9},
 location = {New York, New York, USA},
 pages = {701--710},
 numpages = {10},
 url = {http://doi.acm.org/10.1145/2623330.2623732},
 doi = {10.1145/2623330.2623732},
 acmid = {2623732},
 publisher = {ACM},
 address = {New York, NY, USA},
 keywords = {deep learning, latent representations, learning with partial labels, network classification, online learning, social networks},
}

@article{word2vec,
  title={Efficient estimation of word representations in vector space},
  author={Mikolov, Tomas and Chen, Kai and Corrado, Greg and Dean, Jeffrey},
  journal={arXiv preprint arXiv:1301.3781},
  year={2013}
}

@article{bengio2003neural,
  title={A neural probabilistic language model},
  author={Bengio, Yoshua and Ducharme, R{\'e}jean and Vincent, Pascal and Jauvin, Christian},
  journal={Journal of machine learning research},
  volume={3},
  number={Feb},
  pages={1137--1155},
  year={2003}
}

@article{ouyang2019learning,
  title={Learning Cross-Domain Representation with Multi-Graph Neural Network},
  author={Ouyang, Yi and Guo, Bin and Tang, Xing and He, Xiuqiang and Xiong, Jian and Yu, Zhiwen},
  journal={arXiv preprint arXiv:1905.10095},
  year={2019}
}

@article{bommarito2019empirical,
  title={An Empirical Analysis of the Python Package Index (PyPI)},
  author={Bommarito, Ethan and Bommarito, Michael},
  journal={arXiv preprint arXiv:1907.11073},
  year={2019}
}

@inproceedings{adhikari2017distributed,
  title={Distributed representations of subgraphs},
  author={Adhikari, Bijaya and Zhang, Yao and Ramakrishnan, Naren and Prakash, B Aditya},
  booktitle={2017 IEEE International Conference on Data Mining Workshops (ICDMW)},
  pages={111--117},
  year={2017},
  organization={IEEE}
}